<record><leader>00000cas a22000007a 4500</leader><controlfield tag="001">24592625</controlfield><controlfield tag="008">911021d18881899nyucr ne      0    0eng d</controlfield><datafield ind1=" " ind2=" " tag="010"><subfield code="a">sn 91066939 </subfield></datafield><datafield ind1=" " ind2=" " tag="040"><subfield code="a">NYS</subfield><subfield code="b">eng</subfield><subfield code="c">NYS</subfield><subfield code="d">OCLCQ</subfield></datafield><datafield ind1=" " ind2=" " tag="042"><subfield code="a">msc</subfield></datafield><datafield ind1="0" ind2="0" tag="245"><subfield code="a">Rome semi-weekly citizen.</subfield></datafield><datafield ind1=" " ind2=" " tag="260"><subfield code="a">Rome, Oneida Co., N.Y. :</subfield><subfield code="b">Byam &amp; Briggs,</subfield><subfield code="c">1888-1899.</subfield></datafield><datafield ind1=" " ind2=" " tag="300"><subfield code="a">12 v.</subfield></datafield><datafield ind1=" " ind2=" " tag="310"><subfield code="a">Semiweekly</subfield></datafield><datafield ind1="0" ind2=" " tag="362"><subfield code="a">Vol. 49, no. 1 (June 13, 1888)-v. 60, no. 22 (Sept. 22, 1899).</subfield></datafield><datafield ind1=" " ind2=" " tag="500"><subfield code="a">Published every Wednesday and Saturday.</subfield></datafield><datafield ind1=" " ind2=" " tag="500"><subfield code="a">Publishers: Byam &amp; Briggs, 1888-1895; Clark Briggs, 1896-1899; Allan C. Ross, 1899.</subfield></datafield><datafield ind1=" " ind2=" " tag="580"><subfield code="a">Daily ed.: Rome evening citizen, 1895.</subfield></datafield><datafield ind1=" " ind2="4" tag="651"><subfield code="a">Rome (N.Y.)</subfield><subfield code="v">Newspapers.</subfield></datafield><datafield ind1=" " ind2=" " tag="752"><subfield code="a">United States</subfield><subfield code="b">New York</subfield><subfield code="c">Oneida</subfield><subfield code="d">Rome.</subfield></datafield><datafield ind1="1" ind2=" " tag="775"><subfield code="t">Rome evening citizen</subfield><subfield code="w">(DLC)sn 91066943</subfield><subfield code="w">(OCoLC)24592721</subfield></datafield><datafield ind1="0" ind2="0" tag="780"><subfield code="t">Roman citizen</subfield><subfield code="w">(DLC)sn 83031886</subfield><subfield code="w">(OCoLC)10016611</subfield></datafield><datafield ind1="0" ind2="0" tag="785"><subfield code="t">Rome citizen</subfield><subfield code="w">(DLC)sn 91066942</subfield><subfield code="w">(OCoLC)24592791</subfield></datafield><datafield ind1="1" ind2=" " tag="029"><subfield code="a">AU@</subfield><subfield code="b">000025854199</subfield></datafield></record>